%% LaTeX2e file `report.bib'
%% generated by the `filecontents' environment
%% from source `report' on 2024/06/23.
%%
%-------------------------------------------------------------------------------
@article{2021quanto,
  author          = {{Pointing}, Jessica and {Padon}, Oded and {Jia}, Zhihao and {Ma}, Henry and {Hirth}, August and {Palsberg}, Jens and {Aiken}, Alex},
  title           = "{Quanto: Optimizing Quantum Circuits with Automatic Generation of Circuit Identities}",
  year            = {2021},
  month           = nov,
  eid             = {arXiv:2111.11387},
  pages           = {arXiv:2111.11387},
  archivePrefix   = {arXiv},
  eprint          = {2111.11387},
  primaryClass    = {quant-ph},
  journal         = {arXiv e-prints},
  keywords        = {Quantum Physics},
  url             = {https://arxiv.org/abs/2111.11387},
}

@online{2018cirq,
  title={Cirq},
  howpublished={\url{https://quantumai.google/cirq}},
  year={2018}
}

@online{2017qiskit,
  title={Qiskit},
  howpublished={\url{https://qiskit.org/}},
  year={2017}
}